@article{johansson_qutip_2013,
    title = {{QuTiP} 2: {A} {Python} framework for the dynamics of open quantum systems},
    volume = {184},
    issn = {00104655},
    shorttitle = {{QuTiP} 2},
    url = {http://arxiv.org/abs/1211.6518},
    doi = {10.1016/j.cpc.2012.11.019},
    number = {4},
    urldate = {2014-03-11},
    journal = {Computer Physics Communications},
    author = {Johansson, J. R. and Nation, P. D. and Nori, Franco},
    month = apr,
    year = {2013},
    note = {arXiv:1211.6518 [quant-ph]},
    keywords = {Quantum Physics},
    pages = {1234--1240},
}