@article{aloupis_classic_2012,
    title = {Classic {N}intendo Games are (Computationally) Hard},
    url = {http://arxiv.org/abs/1203.1895},
    journal = {arXiv:1203.1895},
    author = {Aloupis, Greg and Demaine, Erik D and Guo, Alan and Viglietta, Giovanni},
    month = mar,
    year = {2012}
}